<?xml version="1.0" encoding="UTF-8"?><collection xmlns="http://www.loc.gov/MARC21/slim"><record><leader>00596nam--2200205-u-4500</leader><controlfield tag="001">000051342</controlfield><controlfield tag="002">20161230</controlfield><controlfield tag="005">20161230201049</controlfield><controlfield tag="008">080702s1000------------r-----000-0-eng-d</controlfield><datafield ind1=" " ind2=" " tag="020"><subfield code="a">1-4020-7465-4</subfield></datafield><datafield ind1=" " ind2=" " tag="040"><subfield code="a">IFIN-HH</subfield></datafield><datafield ind1=" " ind2=" " tag="080"><subfield code="a">621.391</subfield></datafield><datafield ind1="1" ind2="0" tag="100"><subfield code="a">Lerner, Vladimir S</subfield></datafield><datafield ind1="1" ind2="0" tag="245"><subfield code="a">Variation Principle in Informational Macrodynamics</subfield></datafield><datafield ind1=" " ind2=" " tag="260"><subfield code="a">Boston</subfield><subfield code="b">Kluwer Academic Publishers</subfield><subfield code="c">2003</subfield></datafield><datafield ind1=" " ind2=" " tag="300"><subfield code="a">264 p</subfield></datafield><datafield ind1=" " ind2=" " tag="490"><subfield code="a">The Kluwer International Series in Engineering and Computer Science</subfield></datafield><datafield ind1="1" ind2=" " tag="700"><subfield code="a">Vladimir S. Lerner</subfield></datafield><datafield ind1=" " ind2=" " tag="852"><subfield code="a">82024</subfield><subfield code="c">621.391</subfield></datafield><datafield ind1=" " ind2=" " tag="CAT"><subfield code="a">Sys</subfield><subfield code="c">20080702</subfield><subfield code="h">102008</subfield></datafield></record></collection>